Date de la transaction,Code de la transaction,Type de transaction,Référence,Référence du paiement,Statut,Montant facturé débité,Montant facturé crédité,Devise de la carte,Montant de la transaction débité,Montant de la transaction crédité,Devise de la transaction,Taux de change,Frais,Solde disponible
07/09/2025 13:57,CDYYBRL5MQ,Paiement entrant SumUp,SUMUP PID1321544 PAYOUT 070925,,Entrant,0.00,357.58,EUR,0.00,357.58,EUR,1.00,0.00,2314.71
06/09/2025 13:41,COQZLXKNYB,Paiement entrant SumUp,SUMUP PID1320152 PAYOUT 060925,,Entrant,0.00,5.89,EUR,0.00,5.89,EUR,1.00,0.00,1957.13
06/09/2025 07:59,CDNN3YVM7X,Paiement POS,DALLERY PITTIE        FEYZIN          FR,,Approuvé,6.00,0.00,EUR,6.00,0.00,EUR,1.00,0.00,1951.24
05/09/2025 13:46,C92ZPMNPLK,Paiement entrant SumUp,SUMUP PID1318738 PAYOUT 050925,,Entrant,0.00,53.05,EUR,0.00,53.05,EUR,1.00,0.00,1957.24
04/09/2025 13:41,CDENRX77BR,Paiement entrant SumUp,SUMUP PID1317114 PAYOUT 040925,,Entrant,0.00,15.72,EUR,0.00,15.72,EUR,1.00,0.00,1904.19
03/09/2025 08:53,COB4K2WKXL,Virement sortant,Cyril Barraier FR7640618803090004037154261,Remboursement fourniture,Approuvé,83.50,0.00,EUR,83.50,0.00,EUR,1.00,0.00,1888.47
02/09/2025 13:41,CD2ZE5WVKR,Paiement entrant SumUp,SUMUP PID1313835 PAYOUT 020925,,Entrant,0.00,56.98,EUR,0.00,56.98,EUR,1.00,0.00,1971.97
30/08/2025 13:41,C9ZPQRXE3R,Paiement entrant SumUp,SUMUP PID1309656 PAYOUT 300825,,Entrant,0.00,3.93,EUR,0.00,3.93,EUR,1.00,0.00,1914.99
29/08/2025 13:59,COQZ2E6KEE,Paiement entrant SumUp,SUMUP PID1308331 PAYOUT 290825,,Entrant,0.00,92.35,EUR,0.00,92.35,EUR,1.00,0.00,1911.06
27/08/2025 13:42,CDV4JJ2EL4,Paiement entrant SumUp,SUMUP PID1305200 PAYOUT 270825,,Entrant,0.00,11.79,EUR,0.00,11.79,EUR,1.00,0.00,1818.71
26/08/2025 09:32,C9LNZ6Z2BP,Paiement POS,SICA SICODIS          SAINT LAURENT   FR,,Approuvé,70.93,0.00,EUR,70.93,0.00,EUR,1.00,0.00,1806.92
25/08/2025 19:21,COZPYL4ZJW,Paiement en ligne,Temu                  Ireland         IE,,Approuvé,13.68,0.00,EUR,13.68,0.00,EUR,1.00,0.00,1877.85
23/08/2025 13:49,C9753RXVNQ,Paiement entrant SumUp,SUMUP PID1299548 PAYOUT 230825,,Entrant,0.00,62.88,EUR,0.00,62.88,EUR,1.00,0.00,1891.53
22/08/2025 19:17,CONN2PZKYB,Virement sortant,Cyril Barraier FR7640618803090004037154261,Remboursement CSG emballages,Approuvé,185.82,0.00,EUR,185.82,0.00,EUR,1.00,0.00,1828.65
21/08/2025 19:11,CORBEQWJXZ,Paiement POS,SAS   CPLT FEYZIN     FEYZIN          FR,,Approuvé,31.57,0.00,EUR,31.57,0.00,EUR,1.00,0.00,2014.47
21/08/2025 13:36,COMNY3PB26,Paiement entrant SumUp,SUMUP PID1296580 PAYOUT 210825,,Entrant,0.00,41.26,EUR,0.00,41.26,EUR,1.00,0.00,2046.04
20/08/2025 13:39,COP5Z75Z2R,Paiement entrant SumUp,SUMUP PID1294968 PAYOUT 200825,,Entrant,0.00,91.37,EUR,0.00,91.37,EUR,1.00,0.00,2004.78
19/08/2025 14:19,COZP45GYGN,Paiement POS,SICA SICODIS          SAINT LAURENT   FR,,Approuvé,63.96,0.00,EUR,63.96,0.00,EUR,1.00,0.00,1913.41
19/08/2025 10:31,CDYYQ2NM2Y,Paiement POS,SAS   CPLT FEYZIN     FEYZIN          FR,,Approuvé,7.40,0.00,EUR,7.40,0.00,EUR,1.00,0.00,1977.37
14/08/2025 15:48,C9MNYZN7XW,Paiement POS,IKEA VENISSIEUX       VENISSEUX       FR,,Approuvé,129.97,0.00,EUR,129.97,0.00,EUR,1.00,0.00,1984.77
14/08/2025 13:51,C9XN65GEBV,Paiement entrant SumUp,SUMUP PID1286259 PAYOUT 140825,,Entrant,0.00,19.65,EUR,0.00,19.65,EUR,1.00,0.00,2114.74
14/08/2025 11:31,CDGNXL5RER,Paiement POS,IKEA VENISSIEUX       VENISSEUX       FR,,Approuvé,200.00,0.00,EUR,200.00,0.00,EUR,1.00,0.00,2095.09
26/07/2025 13:30,CDB4GVP5JZ,Paiement entrant SumUp,SUMUP PID1256693 PAYOUT 260725,,Entrant,0.00,19.65,EUR,0.00,19.65,EUR,1.00,0.00,2295.09
23/07/2025 13:55,CD3Y3RMXZ7,Paiement entrant SumUp,SUMUP PID1251824 PAYOUT 230725,,Entrant,0.00,120.84,EUR,0.00,120.84,EUR,1.00,0.00,2275.44
22/07/2025 10:48,COYYM266KY,Paiement POS,SumUp  *Patrickfruits bron            FR,,Approuvé,96.00,0.00,EUR,96.00,0.00,EUR,1.00,0.00,2154.60
21/07/2025 14:41,CDLNBBZV6Y,Paiement POS,SAS   CPLT FEYZIN     FEYZIN          FR,,Approuvé,18.08,0.00,EUR,18.08,0.00,EUR,1.00,0.00,2250.60
19/07/2025 13:39,CD2ZWBRN43,Paiement entrant SumUp,SUMUP PID1245606 PAYOUT 190725,,Entrant,0.00,31.44,EUR,0.00,31.44,EUR,1.00,0.00,2268.68
18/07/2025 13:38,CDB4L7NM63,Paiement entrant SumUp,SUMUP PID1244097 PAYOUT 180725,,Entrant,0.00,12.77,EUR,0.00,12.77,EUR,1.00,0.00,2237.24
17/07/2025 13:33,COEN47V23B,Paiement entrant SumUp,SUMUP PID1242371 PAYOUT 170725,,Entrant,0.00,9.82,EUR,0.00,9.82,EUR,1.00,0.00,2224.47
16/07/2025 13:39,C9YYG6PLZZ,Paiement entrant SumUp,SUMUP PID1240627 PAYOUT 160725,,Entrant,0.00,53.05,EUR,0.00,53.05,EUR,1.00,0.00,2214.65
16/07/2025 10:20,CDB4XRG3WL,Paiement POS,SICA SICODIS          SAINT LAURENT   FR,,Approuvé,30.40,0.00,EUR,30.40,0.00,EUR,1.00,0.00,2161.60
15/07/2025 09:59,CDWP2ZPZLG,Paiement POS,SAS   CPLT FEYZIN     FEYZIN          FR,,Approuvé,14.25,0.00,EUR,14.25,0.00,EUR,1.00,0.00,2192.00
12/07/2025 14:06,C9XNG3WJ4R,Paiement entrant SumUp,SUMUP PID1233993 PAYOUT 120725,,Entrant,0.00,41.26,EUR,0.00,41.26,EUR,1.00,0.00,2206.25
12/07/2025 10:48,C9GN3J7JNZ,Paiement POS,E.LECLERC             CHAPONNAY       FR,,Approuvé,3.69,0.00,EUR,3.69,0.00,EUR,1.00,0.00,2164.99
11/07/2025 14:53,C9KPGZYKKB,Paiement POS,SAS   CPLT FEYZIN     FEYZIN          FR,,Approuvé,2.29,0.00,EUR,2.29,0.00,EUR,1.00,0.00,2168.68
11/07/2025 14:21,C9YYGPV3V7,Paiement entrant SumUp,SUMUP PID1232338 PAYOUT 110725,,Entrant,0.00,9.82,EUR,0.00,9.82,EUR,1.00,0.00,2170.97
11/07/2025 10:52,CONNGE6Z75,Paiement POS,SAS   CPLT FEYZIN     FEYZIN          FR,,Approuvé,7.77,0.00,EUR,7.77,0.00,EUR,1.00,0.00,2161.15
10/07/2025 13:54,COGNVQX6BZ,Paiement entrant SumUp,SUMUP PID1230403 PAYOUT 100725,,Entrant,0.00,5.89,EUR,0.00,5.89,EUR,1.00,0.00,2168.92
09/07/2025 14:05,C9LNVZX43Y,Paiement entrant SumUp,SUMUP PID1228600 PAYOUT 090725,,Entrant,0.00,135.58,EUR,0.00,135.58,EUR,1.00,0.00,2163.03
08/07/2025 14:20,C9P56QQ46P,Paiement POS,MAGASIN BAUMALU       BALDENHEIM      FR,,Approuvé,71.84,0.00,EUR,71.84,0.00,EUR,1.00,0.00,2027.45
08/07/2025 13:39,C9XNV7MQMZ,Paiement entrant SumUp,SUMUP PID1226756 PAYOUT 080725,,Entrant,0.00,29.47,EUR,0.00,29.47,EUR,1.00,0.00,2099.29
06/07/2025 13:56,C9ENVZLWRV,Paiement entrant SumUp,SUMUP PID1223434 PAYOUT 060725,,Entrant,0.00,72.32,EUR,0.00,72.32,EUR,1.00,0.00,2069.82
05/07/2025 13:38,C97525YYP5,Paiement entrant SumUp,SUMUP PID1221772 PAYOUT 050725,,Entrant,0.00,21.61,EUR,0.00,21.61,EUR,1.00,0.00,1997.50
04/07/2025 13:37,CDJYVKELX6,Paiement entrant SumUp,SUMUP PID1220118 PAYOUT 040725,,Entrant,0.00,108.07,EUR,0.00,108.07,EUR,1.00,0.00,1975.89
03/07/2025 13:45,COEN5PX4GJ,Paiement entrant SumUp,SUMUP PID1218272 PAYOUT 030725,,Entrant,0.00,41.26,EUR,0.00,41.26,EUR,1.00,0.00,1867.82
02/07/2025 13:34,C9RBY2XMP3,Paiement entrant SumUp,SUMUP PID1216539 PAYOUT 020725,,Entrant,0.00,9.82,EUR,0.00,9.82,EUR,1.00,0.00,1826.56
01/07/2025 13:38,COB4PGYJNL,Paiement entrant SumUp,SUMUP PID1214792 PAYOUT 010725,,Entrant,0.00,47.15,EUR,0.00,47.15,EUR,1.00,0.00,1816.74
29/06/2025 13:35,CO3YL5QW44,Paiement entrant SumUp,SUMUP PID1211559 PAYOUT 290625,,Entrant,0.00,11.79,EUR,0.00,11.79,EUR,1.00,0.00,1769.59
26/06/2025 13:46,CDWPGRRYPE,Paiement entrant SumUp,SUMUP PID1206540 PAYOUT 260625,,Entrant,0.00,39.29,EUR,0.00,39.29,EUR,1.00,0.00,1757.80
25/06/2025 13:40,CDNNW6BNXN,Paiement entrant SumUp,SUMUP PID1204760 PAYOUT 250625,,Entrant,0.00,5.89,EUR,0.00,5.89,EUR,1.00,0.00,1718.51
24/06/2025 13:32,CDXNEJEV2N,Paiement entrant SumUp,SUMUP PID1203091 PAYOUT 240625,,Entrant,0.00,11.79,EUR,0.00,11.79,EUR,1.00,0.00,1712.62
23/06/2025 17:10,CD65N2EVX6,Paiement POS,METRO                 LYON            FR,,Approuvé,55.27,0.00,EUR,55.27,0.00,EUR,1.00,0.00,1700.83
23/06/2025 15:43,C965N76EVG,Paiement POS,SAS   CPLT FEYZIN     FEYZIN          FR,,Approuvé,20.52,0.00,EUR,20.52,0.00,EUR,1.00,0.00,1756.10
21/06/2025 13:28,C92ZNGNVQP,Paiement entrant SumUp,SUMUP PID1198202 PAYOUT 210625,,Entrant,0.00,722.07,EUR,0.00,722.07,EUR,1.00,0.00,1776.62
19/06/2025 13:34,C9MNVMQ6WV,Paiement entrant SumUp,SUMUP PID1194823 PAYOUT 190625,,Entrant,0.00,19.65,EUR,0.00,19.65,EUR,1.00,0.00,1054.55
17/06/2025 13:32,C9XNQJ3ZML,Paiement entrant SumUp,SUMUP PID1191099 PAYOUT 170625,,Entrant,0.00,17.68,EUR,0.00,17.68,EUR,1.00,0.00,1034.90
16/06/2025 17:18,COZPWVKMG7,Paiement POS,SAS   CPLT FEYZIN     FEYZIN          FR,,Approuvé,12.58,0.00,EUR,12.58,0.00,EUR,1.00,0.00,1017.22
13/06/2025 13:39,COV4VQJQKW,Paiement entrant SumUp,SUMUP PID1184507 PAYOUT 130625,,Entrant,0.00,19.65,EUR,0.00,19.65,EUR,1.00,0.00,1029.80
12/06/2025 13:43,COP5Y76532,Paiement entrant SumUp,SUMUP PID1182560 PAYOUT 120625,,Entrant,0.00,5.89,EUR,0.00,5.89,EUR,1.00,0.00,1010.15
11/06/2025 17:41,COV4VRV7J4,Paiement POS,SumUp  *Patrickfruits bron            FR,,Approuvé,126.00,0.00,EUR,126.00,0.00,EUR,1.00,0.00,1004.26
10/06/2025 23:49,COQZBYN4EQ,Paiement en ligne,AMAZON PAYMENTS       PARIS           FR,,Approuvé,7.49,0.00,EUR,7.49,0.00,EUR,1.00,0.00,1130.26
07/06/2025 14:15,CDKPMNXKMJ,Paiement entrant SumUp,SUMUP PID1173795 PAYOUT 070625,,Entrant,0.00,112.00,EUR,0.00,112.00,EUR,1.00,0.00,1137.75
07/06/2025 12:41,C975BEW5XZ,Paiement en ligne,AMAZON EU SARL        PARIS           FR,,Approuvé,12.83,0.00,EUR,12.83,0.00,EUR,1.00,0.00,1025.75
05/06/2025 14:22,COQZXLEJVM,Paiement entrant SumUp,SUMUP PID1170204 PAYOUT 050625,,Entrant,0.00,17.68,EUR,0.00,17.68,EUR,1.00,0.00,1038.58
04/06/2025 13:42,CO553YVYZJ,Paiement entrant SumUp,SUMUP PID1168336 PAYOUT 040625,,Entrant,0.00,35.36,EUR,0.00,35.36,EUR,1.00,0.00,1020.90
28/05/2025 10:28,C9V44Z77WR,Paiement en ligne,AMZN Mktp DE          800-279-6620    LU,,Approuvé,119.02,0.00,EUR,119.02,0.00,EUR,1.00,0.00,985.54
24/05/2025 13:54,COWPPP6XRN,Paiement entrant SumUp,SUMUP PID1149825 PAYOUT 240525,,Entrant,0.00,17.68,EUR,0.00,17.68,EUR,1.00,0.00,1104.56
21/05/2025 13:56,CDGNYX6RWY,Paiement entrant SumUp,SUMUP PID1144418 PAYOUT 210525,,Entrant,0.00,5.89,EUR,0.00,5.89,EUR,1.00,0.00,1086.88
14/05/2025 18:49,COXNLXP4NL,Paiement POS,SumUp  *Patrickfruits bron            FR,,Approuvé,50.00,0.00,EUR,50.00,0.00,EUR,1.00,0.00,1080.99
07/05/2025 13:33,C9B4EKJG25,Paiement entrant SumUp,SUMUP PID1119302 PAYOUT 070525,,Entrant,0.00,11.79,EUR,0.00,11.79,EUR,1.00,0.00,1130.99
05/05/2025 13:35,CONNEB3G7N,Paiement entrant SumUp,SUMUP PID1115663 PAYOUT 050525,,Entrant,0.00,380.13,EUR,0.00,380.13,EUR,1.00,0.00,1119.20
03/05/2025 06:56,CDXNKZQEE5,Rembourser,AMAZON RETAIL FR      AMAZON.FR       FR,,Remboursé,0.00,15.23,EUR,0.00,15.23,EUR,1.00,0.00,739.07
02/05/2025 13:39,C9KP5P725B,Paiement entrant SumUp,SUMUP PID1110681 PAYOUT 020525,,Entrant,0.00,583.93,EUR,0.00,583.93,EUR,1.00,0.00,723.84
02/05/2025 10:28,C9QZ6VQYKP,Paiement en ligne,AMZN Mktp FR          amazon.fr       LU,,Approuvé,15.99,0.00,EUR,15.99,0.00,EUR,1.00,0.00,139.91
30/04/2025 13:59,CDEN2P7RE3,Paiement entrant SumUp,SUMUP PID1107117 PAYOUT 300425,,Entrant,0.00,3.93,EUR,0.00,3.93,EUR,1.00,0.00,155.90
29/04/2025 14:01,C9JYZM2VZJ,Paiement POS,CENTRAKOR STORES      MIONS           FR,,Approuvé,85.94,0.00,EUR,85.94,0.00,EUR,1.00,0.00,151.97
29/04/2025 09:03,COV4PR4KJW,Paiement en ligne,Amazon.fr             amazon.fr       FR,,Approuvé,15.23,0.00,EUR,15.23,0.00,EUR,1.00,0.00,237.91
26/04/2025 15:28,C9NNVQYG7Z,Paiement POS,E.LECLERC             CHAPONNAY       FR,,Approuvé,62.96,0.00,EUR,62.96,0.00,EUR,1.00,0.00,253.14
25/04/2025 18:28,CDRBQKNMQ3,Paiement en ligne,AMZN Mktp FR          amazon.fr       LU,,Approuvé,18.98,0.00,EUR,18.98,0.00,EUR,1.00,0.00,316.10
20/04/2025 10:03,CORJPW6MP6,Paiement en ligne,AMZN Mktp FR          amazon.fr       LU,,Approuvé,33.01,0.00,EUR,33.01,0.00,EUR,1.00,0.00,335.08
19/04/2025 16:43,CD6Y6LW6MY,Paiement en ligne,AMZN Mktp FR          amazon.fr       LU,,Approuvé,101.55,0.00,EUR,101.55,0.00,EUR,1.00,0.00,368.09
11/04/2025 20:56,COW5E34Z7P,Virement sortant,OAF - Formation Professionnelle FR7610278073120002070970171,DEV-226-262 du 11 avril 2025,Approuvé,380.00,0.00,EUR,380.00,0.00,EUR,1.00,0.00,469.64
10/04/2025 04:07,C9YKX4P24Y,Rembourser,AMZN Mktp FR amazon.fr LU,,Remboursé,0.00,31.80,EUR,0.00,31.80,EUR,1.00,0.00,849.64
05/04/2025 10:14,CDBBNJ2V23,Virement sortant,TAVENARD LESTRA FR7616807004008161854621287,Facture : FA-G6260 du 1 avril 2025,Approuvé,1060.00,0.00,EUR,1060.00,0.00,EUR,1.00,0.00,817.84
04/04/2025 13:53,CO7E6VENZB,Paiement entrant SumUp,SUMUP PID1062290 PAYOUT 040425,,Entrant,0.00,707.35,EUR,0.00,707.35,EUR,1.00,0.00,1877.84
31/03/2025 18:37,C9L7JPEJ3P,Paiement POS,E.LECLERC             CHAPONNAY       FR,,Approuvé,4.25,0.00,EUR,4.25,0.00,EUR,1.00,0.00,1170.49
29/03/2025 17:53,CDYK6BMM2R,Paiement en ligne,AMZN Mktp FR          amazon.fr       LU,,Approuvé,9.99,0.00,EUR,9.99,0.00,EUR,1.00,0.00,1174.74
26/03/2025 17:09,CDVKEM242M,Paiement POS,SumUp  *Patrickfruits bron            FR,,Approuvé,14.00,0.00,EUR,14.00,0.00,EUR,1.00,0.00,1184.73
26/03/2025 11:08,CO34RL52XB,Paiement POS,IKEA VENISSIEUX       VENISSEUX       FR,,Approuvé,89.83,0.00,EUR,89.83,0.00,EUR,1.00,0.00,1198.73
24/03/2025 16:56,C9W5RYPVYR,Paiement en ligne,AMZN Mktp FR          amazon.fr       LU,,Approuvé,159.00,0.00,EUR,159.00,0.00,EUR,1.00,0.00,1288.56
21/03/2025 13:31,COQVK27B7Z,Paiement entrant SumUp,SUMUP PID1037794 PAYOUT 210325,,Entrant,0.00,25.25,EUR,0.00,25.25,EUR,1.00,0.00,1447.56
20/03/2025 13:21,C9YK3NBEXZ,Paiement entrant SumUp,SUMUP PID1035761 PAYOUT 200325,,Entrant,0.00,174.87,EUR,0.00,174.87,EUR,1.00,0.00,1422.31
07/03/2025 13:58,C97EXEX33X,Paiement en ligne,AMZN Mktp FR          amazon.fr       LU,,Approuvé,31.99,0.00,EUR,31.99,0.00,EUR,1.00,0.00,1247.44
07/03/2025 10:32,CD5GEZJWZV,Paiement en ligne,AMZN Mktp FR          amazon.fr       LU,,Approuvé,112.98,0.00,EUR,112.98,0.00,EUR,1.00,0.00,1279.43
01/03/2025 19:24,CDZM5V6BRE,Paiement en ligne,AMAZON EU SARL        PARIS           FR,,Approuvé,30.83,0.00,EUR,30.83,0.00,EUR,1.00,0.00,1392.41
01/03/2025 15:25,COYKNVZWWP,Virement sortant,Presta Clim - Alexis BERAT EI FR7630004031440001253478656,Acompte devis Devis n D-2503001,Approuvé,300.00,0.00,EUR,300.00,0.00,EUR,1.00,0.00,1423.24
01/03/2025 12:11,C95GYLNP4K,Paiement en ligne,NRJ MOBILE            PARIS           FR,,Approuvé,5.00,0.00,EUR,5.00,0.00,EUR,1.00,0.00,1723.24
01/03/2025 11:09,COGYZPNKK4,Paiement en ligne,AMZN Mktp FR          amazon.fr       LU,,Approuvé,16.14,0.00,EUR,16.14,0.00,EUR,1.00,0.00,1728.24
15/02/2025 13:36,CONP42J4KW,Paiement entrant SumUp,PID 975043,,Entrant,0.00,19.65,EUR,0.00,19.65,EUR,1.00,0.00,1744.38
13/02/2025 13:32,COKNXB5RMZ,Paiement entrant SumUp,PID 971329,,Entrant,0.00,25.54,EUR,0.00,25.54,EUR,1.00,0.00,1724.73
12/02/2025 13:35,COL76XXYXP,Paiement entrant SumUp,PID 969374,,Entrant,0.00,11.79,EUR,0.00,11.79,EUR,1.00,0.00,1699.19
30/01/2025 12:29,COXMGPRKJV,Paiement POS,SumUp  *Patrickfruits Villeurbanne    FR,,Approuvé,10.00,0.00,EUR,10.00,0.00,EUR,1.00,0.00,1687.40
08/01/2025 16:43,CD6Y7LN57V,Paiement POS,SumUp  *Patrickfruits Villeurbanne    FR,,Approuvé,38.00,0.00,EUR,38.00,0.00,EUR,1.00,0.00,1697.40
31/12/2024 13:49,CDELZEX7RE,Paiement entrant SumUp,PID 895536,,Entrant,0.00,35.10,EUR,0.00,35.10,EUR,1.00,0.00,1735.40
19/12/2024 11:00,CDXMQ4XQMV,Paiement POS,MAGASIN BAUMALU       BALDENHEIM      FR,,Approuvé,298.70,0.00,EUR,298.70,0.00,EUR,1.00,0.00,1700.30
17/12/2024 13:44,C934XYNBPX,Paiement entrant SumUp,PID 869721,,Entrant,0.00,11.79,EUR,0.00,11.79,EUR,1.00,0.00,1999.00
16/12/2024 13:41,C9NP75E6V5,Paiement entrant SumUp,PID 867861,,Entrant,0.00,406.69,EUR,0.00,406.69,EUR,1.00,0.00,1987.21
11/12/2024 16:40,CD7EB2Z6R2,Paiement POS,SumUp  *Patrickfruits Villeurbanne    FR,,Approuvé,8.00,0.00,EUR,8.00,0.00,EUR,1.00,0.00,1580.52
07/12/2024 13:45,C9BBYW2YKZ,Paiement entrant SumUp,PID 851392,,Entrant,0.00,396.90,EUR,0.00,396.90,EUR,1.00,0.00,1588.52
07/12/2024 13:00,C9W5YW6JN3,Paiement en ligne,MAAF ASSURANCES       CHAURAY         FR,,Approuvé,311.32,0.00,EUR,311.32,0.00,EUR,1.00,0.00,1191.62
04/12/2024 09:03,C97ERZ5NJN,Virement sortant,SAS Cafés Lestra FR7610096183260007141660283,Facture : FC23-2412-000004,Approuvé,437.83,0.00,EUR,437.83,0.00,EUR,1.00,0.00,1502.94
02/12/2024 13:34,CDGYJRGE5P,Paiement entrant SumUp,PID 842271,,Entrant,0.00,359.56,EUR,0.00,359.56,EUR,1.00,0.00,1940.77
01/12/2024 13:32,C9NPYYPW2J,Paiement entrant SumUp,PID 840729,,Entrant,0.00,629.91,EUR,0.00,629.91,EUR,1.00,0.00,1581.21
25/11/2024 13:32,CDXMNV74R5,Paiement entrant SumUp,PID 830115,,Entrant,0.00,273.60,EUR,0.00,273.60,EUR,1.00,0.00,951.30
25/11/2024 13:11,C96Y52KLVY,Virement sortant,SAS Cafés Lestra FR7610096183260007141660283,FC23-2411-000011,Approuvé,295.40,0.00,EUR,295.40,0.00,EUR,1.00,0.00,677.70
24/11/2024 13:31,C9XMNEVRZV,Paiement entrant SumUp,PID 828606,,Entrant,0.00,654.28,EUR,0.00,654.28,EUR,1.00,0.00,973.10
18/11/2024 13:32,C92GG4Q55G,Paiement entrant SumUp,PID 818359,,Entrant,0.00,11.70,EUR,0.00,11.70,EUR,1.00,0.00,318.82
09/11/2024 13:44,CORJRWN36L,Paiement entrant SumUp,PID 803399,,Entrant,0.00,31.78,EUR,0.00,31.78,EUR,1.00,0.00,307.12
31/10/2024 13:34,C92G7VYKKL,Paiement entrant SumUp,PID 788213,,Entrant,0.00,37.63,EUR,0.00,37.63,EUR,1.00,0.00,275.34
23/10/2024 13:53,CDZMJ5ZM6N,Paiement POS,TOUT FRUIT TOUT FRA   LOIRE-SUR-RH    FR,,Approuvé,21.70,0.00,EUR,21.70,0.00,EUR,1.00,0.00,237.71
22/10/2024 13:31,C9KN7B27QJ,Paiement entrant SumUp,PID 773145,,Entrant,0.00,127.70,EUR,0.00,127.70,EUR,1.00,0.00,259.41
22/10/2024 12:04,CDW5J36N7R,Paiement POS,LE VERGER 7 CHEMINS   ORLIENAS        FR,,Approuvé,62.55,0.00,EUR,62.55,0.00,EUR,1.00,0.00,131.71
14/10/2024 09:31,CDQEG46WKE,Paiement en ligne,HELLOASSO* BILLETTERIE+33564880234    FR,,Approuvé,6.00,0.00,EUR,6.00,0.00,EUR,1.00,0.00,194.26
10/10/2024 19:42,CD7Q4RZPLP,Virement sortant,Tavenard Lestra FR7616807004008161854621287,Acompte Devis DE-G2360 du 10/10/24,Approuvé,644.00,0.00,EUR,644.00,0.00,EUR,1.00,0.00,200.26
21/09/2024 09:53,COLPY4VZG5,Paiement POS,SumUp  *Les legumes biSaint Symphor   FR,,Approuvé,50.45,0.00,EUR,50.45,0.00,EUR,1.00,0.00,844.26
19/09/2024 09:07,COVNEZ53ME,Paiement POS,SAS   CPLT FEYZIN     FEYZIN          FR,,Approuvé,10.98,0.00,EUR,10.98,0.00,EUR,1.00,0.00,894.71
17/09/2024 11:44,C9ZKQ2K4RR,Paiement POS,LE VERGER 7 CHEMINS   ORLIENAS        FR,,Approuvé,28.50,0.00,EUR,28.50,0.00,EUR,1.00,0.00,905.69
17/09/2024 11:22,CDRRNV5P75,Paiement POS,SICA SICODIS          SAINT LAURENT   FR,,Approuvé,37.17,0.00,EUR,37.17,0.00,EUR,1.00,0.00,934.19
10/09/2024 11:33,CD3E6W76Y4,Paiement POS,SICA SICODIS          SAINT LAURENT   FR,,Approuvé,60.80,0.00,EUR,60.80,0.00,EUR,1.00,0.00,971.36
10/09/2024 10:18,CDN526PGMX,Virement sortant,SumUp,Refund for TCVX6ZSVYX,Approuvé,34.00,0.00,EUR,34.00,0.00,EUR,1.00,0.00,1032.16
10/09/2024 10:18,COQEKWVJ74,Virement sortant,SumUp,Refund for TZY46T9DXZ,Approuvé,34.00,0.00,EUR,34.00,0.00,EUR,1.00,0.00,1066.16
08/09/2024 13:46,CDZKY2NMLN,Paiement entrant SumUp,PID 699655,,Entrant,0.00,538.34,EUR,0.00,538.34,EUR,1.00,0.00,1100.16
29/08/2024 14:42,CON5J7GBRB,Paiement POS,SICA SICODIS          SAINT LAURENT   FR,,Approuvé,65.55,0.00,EUR,65.55,0.00,EUR,1.00,0.00,561.82
21/08/2024 11:59,COG5ZP2ME3,Paiement POS,SICA SICODIS          SAINT LAURENT   FR,,Approuvé,37.96,0.00,EUR,37.96,0.00,EUR,1.00,0.00,627.37
13/08/2024 10:21,CDWLZ3VBPR,Paiement POS,SICA SICODIS          SAINT LAURENT   FR,,Approuvé,60.76,0.00,EUR,60.76,0.00,EUR,1.00,0.00,665.33
23/07/2024 09:54,CD4RYREYYQ,Paiement POS,SICA SICODIS          SAINT LAURENT   FR,,Approuvé,24.00,0.00,EUR,24.00,0.00,EUR,1.00,0.00,726.09
16/07/2024 12:03,CD6ZK4N3B6,Paiement POS,SICA SICODIS          SAINT LAURENT   FR,,Approuvé,51.00,0.00,EUR,51.00,0.00,EUR,1.00,0.00,750.09
23/05/2024 13:39,C94RBLV7R6,Paiement entrant SumUp,PID 536896,,Entrant,0.00,39.30,EUR,0.00,39.30,EUR,1.00,0.00,801.09
07/03/2024 13:41,CO5Z74P5VL,Paiement entrant SumUp,PID 458205,,Entrant,0.00,21.61,EUR,0.00,21.61,EUR,1.00,0.00,761.79
23/01/2024 11:51,COE6PQQMRZ,Paiement POS,FIRSPLAST             SAINT-PRIEST    FR,,Approuvé,39.90,0.00,EUR,39.90,0.00,EUR,1.00,0.00,740.18
24/12/2023 13:50,COG46LWKEY,Paiement entrant SumUp,PID 404776,,Entrant,0.00,83.49,EUR,0.00,83.49,EUR,1.00,0.00,780.08
09/12/2023 13:45,C96GR3LMXG,Paiement entrant SumUp,PID 397001,,Entrant,0.00,9.82,EUR,0.00,9.82,EUR,1.00,0.00,696.59
02/12/2023 13:44,CO4MGZLV2Q,Paiement entrant SumUp,PID 393299,,Entrant,0.00,102.66,EUR,0.00,102.66,EUR,1.00,0.00,686.77
01/12/2023 21:20,CONEJWRKER,Paiement en ligne,MAAF ASSURANCES       CHAURAY         FR,,Approuvé,73.89,0.00,EUR,73.89,0.00,EUR,1.00,0.00,584.11
27/11/2023 13:45,COG4X42GEZ,Paiement entrant SumUp,PID 390544,,Entrant,0.00,65.83,EUR,0.00,65.83,EUR,1.00,0.00,658.00
26/11/2023 13:59,COG4ZKQB5P,Paiement entrant SumUp,PID 389944,,Entrant,0.00,26.53,EUR,0.00,26.53,EUR,1.00,0.00,592.17
14/11/2023 23:05,COE6MN3LRE,Paiement en ligne,AMZN Mktp FR          amazon.fr       LU,,Approuvé,19.99,0.00,EUR,19.99,0.00,EUR,1.00,0.00,565.64
08/11/2023 13:41,COJK7MYKY6,Paiement entrant SumUp,PID 380626,,Entrant,0.00,95.30,EUR,0.00,95.30,EUR,1.00,0.00,585.63
04/11/2023 08:03,CDYJ2VBK3P,Rembourser,AMZN Mktp FR amazon.fr LU,,Remboursé,0.00,10.50,EUR,0.00,10.50,EUR,1.00,0.00,490.33
31/10/2023 10:53,C93ZP7Y7NM,Paiement en ligne,AMZN Mktp FR          amazon.fr       LU,,Approuvé,20.99,0.00,EUR,20.99,0.00,EUR,1.00,0.00,479.83
17/10/2023 08:59,COZNBZQGLY,Paiement en ligne,LW - YAPLA            PARIS           FR,,Approuvé,50.00,0.00,EUR,50.00,0.00,EUR,1.00,0.00,500.82
30/09/2023 13:44,C96GL52NEW,Paiement entrant SumUp,PID 360330,,Entrant,0.00,79.95,EUR,0.00,79.95,EUR,1.00,0.00,550.82
25/08/2023 11:26,CDVY6EXZQV,Paiement POS,SumUp  *LATELIER DE LAMIONS           FR,,Approuvé,24.00,0.00,EUR,24.00,0.00,EUR,1.00,0.00,470.87
18/08/2023 15:49,CDWMQQ7K4E,Paiement POS,VETEMENTPRO.COM       LYON 9EME       FR,,Approuvé,144.91,0.00,EUR,144.91,0.00,EUR,1.00,0.00,494.87
06/12/2022 13:57,CD367YQXZD,Paiement POS,RETIF                 LYON            FR,,Approuvé,40.56,0.00,EUR,40.56,0.00,EUR,1.00,0.00,639.78
28/11/2022 13:31,CO4GQQBGJD,Paiement entrant SumUp,PID 214074,,Entrant,0.00,353.68,EUR,0.00,353.68,EUR,1.00,0.00,680.34
27/11/2022 13:41,CD222K4L3D,Paiement entrant SumUp,PID 213589,,Entrant,0.00,326.66,EUR,0.00,326.66,EUR,1.00,0.00,326.66
